@article{rayward-smith91_introd_to_algor,
  author =	 {V. J. Rayward-Smith and Thomas H. Cormen and Charles
                  E. Leiserson and Ronald L. Rivest},
  title =	 {Introduction To Algorithms},
  journal =	 {The Journal of the Operational Research Society},
  volume =	 42,
  number =	 9,
  pages =	 816,
  year =	 1991,
  doi =		 {10.2307/2583667},
  url =		 {https://doi.org/10.2307/2583667},
  DATE_ADDED =	 {Mon Oct 7 17:47:22 2019},
}



@article{sosic90_polyn_time_algor_n_queen_probl,
  author =	 {Rok Sosic and Jun Gu},
  title =	 {A Polynomial Time Algorithm for the N-Queens
                  Problem},
  journal =	 {ACM SIGART Bulletin},
  volume =	 1,
  number =	 3,
  pages =	 {7-11},
  year =	 1990,
  doi =		 {10.1145/101340.101343},
  url =		 {https://doi.org/10.1145/101340.101343},
  DATE_ADDED =	 {Mon Nov 25 18:40:08 2019},
}

@inproceedings{Panwar2013LoadBU,
  title={Load Balancing using N-Queens Problem},
  author={Punita Panwar and Varun Prakash Saxena and Arsch Sharma and Vijay Kumar Sharma},
  year={2013}
}

@article{tanik1978graph,
  title={A graph model for deadlock prevention.},
  author={Tanik, Murat Mehmet},
  year={1978},
  publisher={Texas A\&M University}
}



@article{bron73_algor,
  author =	 {Coen Bron and Joep Kerbosch},
  title =	 {Algorithm 457: Finding All Cliques of an Undirected
                  Graph},
  journal =	 {Communications of the ACM},
  volume =	 16,
  number =	 9,
  pages =	 {575-577},
  year =	 1973,
  doi =		 {10.1145/362342.362367},
  url =		 {https://doi.org/10.1145/362342.362367},
  DATE_ADDED =	 {Thu Nov 28 01:22:19 2019},
}



@inproceedings{erbas92_differ_n_queen,
  author =	 {Cengiz Erbas and Seyed Sarkeshik and Murat M. Tanik},
  title =	 {Different perspectives of the N-Queens problem},
  booktitle =	 {Proceedings of the 1992 ACM annual conference on
                  Communications - CSC '92},
  year =	 1992,
  pages =	 {nil},
  doi =		 {10.1145/131214.131227},
  url =		 {https://doi.org/10.1145/131214.131227},
  DATE_ADDED =	 {Thu Nov 28 10:34:33 2019},
  month =	 {-},
}


